@INBOOK {kubat,
    author    = "Miroslav Kubat",
    title     = "An Introduction to Machine Learning",
    chapter   = "Nearest Neighbor Classifiers",
    publisher = "Springer International",
    year      = "2017",
    edition   = "second"
}
@ONLINE {kurkovsky2011,
    author = "Stan Kurkovsky",
    title  = "Software Engineering: Agile Sofware Development",
    year   = "2011",
    url    = "http://www.cs.ccsu.edu/~stan/classes/cs530/slides11/ch3.pdf"
}
@ONLINE {scikit,
    author = "Scikit-learn",
    title  = "Nearest Neighbors Classification",
    url    = "http://scikit-learn.org/stable/auto_examples/neighbors/plot_classification.html"
}
@ONLINE {iris,
    title  = "Iris Dataset",
    url    = "https://archive.ics.uci.edu/ml/datasets/iris"
}
@ONLINE {wine,
    title  = "Wine Dataset",
    url    = "https://archive.ics.uci.edu/ml/datasets/Wine"
}
