@INBOOK {kubat,
    author    = "Miroslav Kubat",
    title     = "An Introduction to Machine Learning",
    chapter   = "Nearest Neighbor Classifiers",
    publisher = "Springer International",
    year      = "2017",
    edition   = "second"
}
@ONLINE {scikit,
    author = "Scikit-learn",
    title  = "Adaboost Classifier",
    url    = "http://scikit-learn.org/stable/modules/generated/sklearn.ensemble.AdaBoostClassifier.html"
}
@ONLINE {numpy,
    author  = "NumPy",
    title   = "NumPy Random Choice",
    url     = "https://docs.scipy.org/doc/numpy-1.13.0/reference/generated/numpy.random.choice.html"
    }
@ONLINE {ionosphere,
    title  = "Ionosphere Dataset",
    url    = "https://archive.ics.uci.edu/ml/datasets/ionosphere"
}
@ONLINE {cancer,
    title  = "Cancer Dataset",
    url    = "https://archive.ics.uci.edu/ml/datasets/breast+cancer+wisconsin+%28original%29"
}
@ONLINE {musk,
    title  = "Musk Dataset",
    url    = "https://archive.ics.uci.edu/ml/datasets/Musk+(Version+1)"
}
